<?xml version="1.0" encoding="UTF-8"?><collection xmlns="http://www.loc.gov/MARC21/slim"><record><leader>00441nam--2200133-i-4500</leader><controlfield tag="001">000046153</controlfield><controlfield tag="002">20161230</controlfield><controlfield tag="005">20161230201045</controlfield><controlfield tag="008">060222s1000------------r-----000-0-eng-d</controlfield><datafield ind1=" " ind2=" " tag="080"><subfield code="a">621.398</subfield></datafield><datafield ind1=" " ind2=" " tag="100"><subfield code="a">Vasiliu,Marius</subfield></datafield><datafield ind1=" " ind2=" " tag="245"><subfield code="a">Etudes sur l`architecture des reseaux neuronauy temporels at sur la representation de l`information dans le tems. these</subfield></datafield><datafield ind1=" " ind2=" " tag="260"><subfield code="a">Bucharesti, Inst.Nat.Des Telecomunications, 1992. 54 P.+ Fig.I</subfield></datafield><datafield ind1=" " ind2=" " tag="852"><subfield code="a">79999</subfield></datafield></record></collection>